@inproceedings{Craciunas2016, 
	author = {Craciunas, Silviu S. and Oliver, Ramon Serna and Chmel\'{\i}k, Martin and Steiner, Wilfried}, 
	title = {Scheduling Real-Time Communication in IEEE 802.1Qbv Time Sensitive Networks}, 
	year = {2016}, 
	isbn = {9781450347877}, 
	publisher = {Association for Computing Machinery},  
	doi = {10.1145/2997465.2997470}, 
	booktitle = {Proceedings of the 24th International Conference on Real-Time Networks and Systems}, 
	pages = {183–192}, 
	numpages = {10}, 
	location = {Brest, France}, 
	series = {RTNS '16} 
}

@inproceedings{Hellmanns2021,
author = {Hellmanns, David and Haug, Lucas and Hildebrand, Moritz and Dürr, Frank and Kehrer, Stephan and Hummen, René},
year = {2021},
month = {04},
pages = {},
title = {How to Optimize Joint Routing and Scheduling Models for TSN Using Integer Linear Programming},
doi = {10.1145/3453417.3453421}
}

@book{Zob18,
	author = {Julian Zobel},
	title = {LaTeX: IEEE Transaction File for ATFIR},
	date = {10.09.2018},
	year={2018},
	publisher = {KOM}
}
